<?xml version="1.0" encoding="UTF-8"?><record xmlns="http://www.loc.gov/MARC21/slim" xmlns:cinclude="http://apache.org/cocoon/include/1.0" xmlns:zs="http://www.loc.gov/zing/srw/">
  <leader>01022cz  a2200193n  4500</leader>
  <controlfield tag="001">nb2004311938</controlfield>
  <controlfield tag="003">DLC</controlfield>
  <controlfield tag="005">20130322091142.0</controlfield>
  <controlfield tag="008">050118n| azannaabn          |a ana      </controlfield>
  <datafield tag="010" ind1=" " ind2=" ">
    <subfield code="a">nb2004311938</subfield>
  </datafield>
  <datafield tag="035" ind1=" " ind2=" ">
    <subfield code="a">(Uk)006089494</subfield>
  </datafield>
  <datafield tag="040" ind1=" " ind2=" ">
    <subfield code="a">Uk</subfield>
    <subfield code="b">eng</subfield>
    <subfield code="e">rda</subfield>
    <subfield code="c">Uk</subfield>
    <subfield code="d">DLC</subfield>
  </datafield>
  <datafield tag="110" ind1="1" ind2=" ">
    <subfield code="a">Great Britain.</subfield>
    <subfield code="b">Working Party on Treatment of Overseas Visitors</subfield>
  </datafield>
  <datafield tag="410" ind1="1" ind2=" ">
    <subfield code="a">Great Britain.</subfield>
    <subfield code="b">Department of Health and Social Security.</subfield>
    <subfield code="b">Working Party on Treatment of Overseas Visitors</subfield>
  </datafield>
  <datafield tag="410" ind1="1" ind2=" ">
    <subfield code="a">Great Britain.</subfield>
    <subfield code="b">Treatment of Overseas Visitors, Working Party on</subfield>
  </datafield>
  <datafield tag="410" ind1="2" ind2=" ">
    <subfield code="a">Working Party on Treatment of Overseas Visitors (Great Britain)</subfield>
  </datafield>
  <datafield tag="510" ind1="1" ind2=" ">
    <subfield code="w">r</subfield>
    <subfield code="i">Hierarchical superior:</subfield>
    <subfield code="a">Great Britain.</subfield>
    <subfield code="b">Department of Health and Social Security</subfield>
  </datafield>
  <datafield tag="670" ind1=" " ind2=" ">
    <subfield code="a">Report of the Working Party on Treatment of Overseas Visitors, 1981</subfield>
  </datafield>
  <datafield tag="670" ind1=" " ind2=" ">
    <subfield code="a">BL auth. file, 18 Jan. 2005</subfield>
    <subfield code="b">(hdg.: Great Britain. Working Party on Treatment of Overseas Visitors; ref.: Great Britain. Department of Health and Social Security. Working Party on Treatment of Overseas Visitors)</subfield>
  </datafield>
</record>